@article{hughes2017study,
  title={A study of thermistor performance within a textile structure},
  author={Hughes-Riley, Theodore and Lugoda, Pasindu and Dias, Tilak and Trabi, Christophe L and Morris, Robert H},
  journal={Sensors},
  volume={17},
  number={8},
  pages={1804},
  year={2017},
  publisher={MDPI}
}

